@misc{c4model-site,
  author = {Simon Brown},
  note   = {[Online; accessed 30. Jun. 2022]},
  title  = {The C4 model for visualising software architecture},
  url    = {https://c4model.com},
  year   = {2018}
}

@misc{c4model,
  author = {Simon Brown},
  month  = {Jun},
  note   = {[Online; accessed 30. Jun. 2022]},
  title  = {The C4 Model for Software Architecture },
  url    = {https://www.infoq.com/articles/C4-architecture-model/},
  year   = {2018}
}

@article{4plus1model,
  author = {By, Slides and Jiang, Jack ZhenMing},
  month  = {Nov},
  note   = {[Online; accessed 30. Jun. 2022]},
  title  = {Architectural Blueprints--The “4+ 1” View Model of Software Architecture},
  year   = {1995}
}

@misc{semver,
  author = {Tom Preston-Werner},
  month  = {Jun},
  note   = {[Online; accessed 30. Jun. 2022]},
  title  = {Semantic Versioning 2.0.0},
  url    = {https://semver.org/},
  year   = {2011}
}

@book{evans2014domain,
  author    = {Evans, E.},
  isbn      = {9781457501197},
  publisher = {Dog Ear Publishing},
  title     = {Domain-Driven Design Reference: Definitions and Pattern Summaries},
  url       = {https://books.google.pt/books?id=ccRsBgAAQBAJ},
  year      = {2014}
}

@misc{broker,
  author = {IBM},
  month  = {Jan},
  title  = {What are Message Brokers?},
  url    = {https://www.ibm.com/cloud/learn/message-brokers},
  year   = {2020}
}

@book{fowler2003patterns,
  author    = {Fowler, M. and Rice, D.},
  isbn      = {9780321127426},
  lccn      = {2002027743},
  publisher = {Addison-Wesley},
  series    = {A Martin Fowler signature book},
  title     = {Patterns of Enterprise Application Architecture},
  year      = {2003}
}

@book{buschmann2007pattern,
  author    = {Buschmann, F. and Henney, K. and Schmidt, D.C.},
  isbn      = {9780470065303},
  publisher = {Wiley},
  series    = {Wiley Software Patterns Series},
  title     = {Pattern-Oriented Software Architecture, A Pattern Language for Distributed Computing},
  year      = {2007}
}

@misc{3tier,
  author = {IBM},
  month  = {Jan},
  title  = {What are Message Brokers?},
  url    = {https://www.ibm.com/cloud/learn/three-tier-architecture},
  year   = {2020}
}

@book{newman2021building,
  author    = {Newman, S.},
  isbn      = {9781492033974},
  publisher = {O'Reilly Media},
  title     = {Building Microservices},
  url       = {https://books.google.pt/books?id=ZvM5EAAAQBAJ},
  year      = {2021}
}

@misc{pubsub,
  author = {Bob Reselman},
  month  = {Mar},
  title  = {The pros and cons of the Pub-Sub architecture pattern},
  url    = {https://www.redhat.com/architect/pub-sub-pros-and-cons},
  year   = {2021}
}

@article{nadiminti2006distributed,
  author    = {Nadiminti, Krishna and De Assun{\c{c}}ao, Marcos Dias and Buyya, Rajkumar},
  journal   = {InfoNet Magazine},
  number    = {3},
  pages     = {1--5},
  publisher = {Victorian Information Technology Teachers Association (VITTA) Inc},
  title     = {Distributed systems and recent innovations: Challenges and benefits},
  volume    = {16},
  year      = {2006}
}

@misc{reactivesystem,
  author = {Grace Jansen},
  month  = {Apr},
  title  = {Getting started with Reactive Systems},
  url    = {https://developer.ibm.com/articles/reactive-systems-getting-started/},
  year   = {2020}
}

@misc{reactivemanifesto,
  author = {Jonas Bonér, Dave Farley, Roland Kuhn and Martin Thompson},
  month  = {Sep},
  title  = {The Reactive Manifesto},
  url    = {https://www.reactivemanifesto.org/pdf/the-reactive-manifesto-2.0.pdf},
  year   = {2014}
}

@misc{googleid,
  author = {Google},
  title  = {Google Identity Platform},
  url    = {https://cloud.google.com/identity-platform/}
}

@misc{azureid,
  author = {Azure},
  title  = {Azure Active Directory (Azure AD)},
  url    = {https://azure.microsoft.com/en-us/services/active-directory/}
}

@misc{openid,
  author = {OpenID},
  title  = {OpenID Connect},
  url    = {https://openid.net/connect/},
  year   = {2014}
}

@misc{oauth,
  author = {D. Hardt, Ed.},
  title  = {The OAuth 2.0 Authorization Framework},
  url    = {https://datatracker.ietf.org/doc/html/rfc6749},
  year   = {2012}
}

@misc{onion,
  author = {Jeffrey Palermo},
  title  = {The Onion Architecture},
  url    = {https://jeffreypalermo.com/2008/07/the-onion-architecture-part-1/},
  year   = {2008}
}
